
@article{r1,
  title={A survey of parallel genetic algorithms},
  author={Cant{\'u}-Paz, Erick and others},
  journal={Calculateurs paralleles, reseaux et systems repartis},
  volume={10},
  number={2},
  pages={141--171},
  year={1998},
  publisher={Citeseer}
}

@incollection{r2,
  title={Parallel genetic algorithms with GPU computing},
  author={Cheng, John Runwei and Gen, Mitsuo},
  booktitle={Industry 4.0-Impact on Intelligent Logistics and Manufacturing},
  year={2020},
  publisher={IntechOpen}
}

@article{r3,
  title={A reinforcement learning-based communication topology in particle swarm optimization},
  author={Xu, Yue and Pi, Dechang},
  journal={Neural Computing and Applications},
  pages={1--26},
  year={2019},
  publisher={Springer}
}

@inproceedings{b1,
  author = {Kennedy, J. and Eberhart, R.},
  title = {Particle swarm optimization,},
  booktitle = {Proceedings of ICNN'95 - International Conference on Neural Networks},
  date = {1995},
  language = {},
  address = {Perth, WA, Australia}
}
@article{b2,
  author = {Wang, D. and Tan, D. and Liu, L.},
  title = {Particle swarm optimization algorith: and overview,},
  journal = {Soft Comput},
  volume = {22},
  pages = {387–408},
  date = {2018},
  language = {}
}
@article{b3,
    author = {Zhang, Yu-Dong and Wang, Shuihua and ji, Genlin},
    year = {2015},
    month = {01},
    pages = {1-38},
    title = {A Comprehensive Survey on Particle Swarm Optimization Algorithm and Its Applications},
    volume = {2015},
    journal = {Mathematical Problems in Engineering},
    doi = {10.1155/2015/931256}
}

@article{b4,
  author = {Beni, G. and J.},
  title = {Wang, " Swarm Intelligence in Cellular Robotic Systems,"},
  editor = {P., Dario and G., Sandini and P, Aebischer},
  journal = {New Bionics?},
  volume = {102},
  pages = {703–712},
  date = {1993},
  source = {Robots and Biological Systems: Towards a},
  language = {}
}
@article{b5,
  author = {Solé, R. and Amor, D. and Duran-Nebreda, S. and Conde-Pueyo, N. and Carbonell-Ballestero, M. and Montañez, R.},
  title = {Synthetic collective intelligence,},
  journal = {Biosystems},
  volume = {148},
  pages = {47–61},
  date = {2016},
  number = {10},
  language = {}
}
@article{b6,
  author = {Hendtlass, T.},
  title = {WoSP: a multi-optima particle swarm algorithm,},
  journal = {IEEE Congress on Evolutionary Computation},
  volume = {1},
  pages = {727–734},
  date = {2005},
  number = {10.1109},
  language = {}
}
@article{b7,
  author = {Zhao, S.-Z. and Liang, J. and Suganthan, P. and Tasgetiren, M.},
  title = {Dynamic Multi-Swarm Particle Swarm Optimizer with Local Search for Large Scale Global Optimization,},
  journal = {IEEE Congress on Evolutionary Computation},
  volume = {10},
  pages = {3845–3852},
  date = {2008},
  number = {1109},
  language = {}
}
@article{b8,
  author = {Chen, S.},
  title = {Locust Swarms - A New Multi-Optima Search Technique,},
  journal = {Proceedings of the IEEE Congress on Evolutionary Computation},
  volume = {10},
  pages = {1745–1752},
  date = {2009},
  number = {1109},
  language = {}
}
@article{b9,
  author = {Chen, S. and Montgomery, J.},
  title = {Selection strategies for initial positions and initial velocities in multi-optima particle swarms,},
  journal = {Genetic and Evolutionary Computation Conference},
  volume = {10},
  pages = {53–60},
  date = {2011},
  number = {1145/2001576},
  language = {}
}
@article{b10,
  author = {Röhler, A.Bolufé and Stephen, C.},
  title = {Multi-swarm hybrid for multi-modal optimization,},
  journal = {IEEE Congress on Evolutionary Computation},
  volume = {10},
  pages = {1–8},
  date = {2012},
  number = {1109},
  language = {}
}
@article{b11,
  author = {Guohua, W. and Rammohan, M. and Ponnuthurai, S. and Rui, W. and Huangke, C.},
  title = {Differential Evolution with Multi-Population Based Ensemble of Mutation Strategies,},
  journal = {Information Sciences},
  volume = {329},
  pages = {329–345},
  date = {2016},
  language = {}
}
@article{b12,
  author = {Changhe, L. and Trung, N. and Ming, Y. and Shengxiang, Y. and Sanyou, Z.},
  title = {"Multi-population methods in unconstrained continuous dynamic environments: The challenges},
  journal = {Information Sciences," Information Sciences},
  volume = {296},
  pages = {95–118},
  date = {2015},
  language = {}
}
@article{b13,
  author = {Mohammed, E.-A. and S, K.Mohamed},
  title = {A Taxonomy of Cooperative Particle Swarm Optimizers,},
  journal = {International Journal of Computational Intelligence Research},
  volume = {4},
  pages = {137–144},
  date = {2008},
  language = {}
}
@incollection{b14,
  author = {Nowostawski, M. and Poli, R.},
  title = {Parallel genetic algorithm taxonomy,},
  booktitle = {hird International Conference on Knowledge-Based Intelligent Information Engineering Systems},
  date = {1999},
  language = {},
  address = {Adelaide, SA, Australia}
}
@article{b15,
  author = {Ma, H. and Shigen, S. and Mei, Y. and Zhile, Y. and Minrui, F. and Huiyu, Z.},
  title = {Multi-population techniques in nature inspired optimization algorithms: A comprehensive survey,},
  journal = {Swarm and Evolutionary Computation},
  pages = {365–387},
  date = {2018},
  language = {}
}
@inproceedings{b16,
  author = {M., E.-A. and M, K.},
  title = {Factors governing the behavior of multiple cooperating swarms,},
  booktitle = {Proceedings of the 7th Annual Conference on Genetic and Evolutionary Computation},
  date = {2005},
  language = {},
  address = {Washington}
}
@article{b17,
  author = {Yongming, L. and Xiaoping, Z.},
  title = {Multi-population co-genetic algorithm with double chain-like agents structure for parallel global numerical optimization,},
  journal = {Applied intelligence},
  volume = {32},
  pages = {292–310},
  date = {2010},
  language = {}
}

@inproceedings{b18,
  title={A modern, event-based architecture for distributed evolutionary algorithms},
  author={Garc{\'i}a-Valdez, Jos{\'e}-Mario and Merelo-Guerv{\'o}s, Juan-Juli{\'a}n},
  booktitle={Proceedings of the Genetic and Evolutionary Computation Conference Companion},
  pages={233--234},
  year={2018}
}

@inproceedings{b19,
  author = {Faris, H. and Aljarah, I. and Mirjalili, S. and Castillo, P.A. and Merelo, J.J.},
  title = {Evolopy: An open-source nature-inspired optimization framework in python,},
  booktitle = {Proceedings of the 8th International Joint Conference on Computational Intelligence},
  volume = {1},
  pages = {171–177},
  date = {2016},
  language = {}
}
@article{b20,
  author = {Cheng, L. and F.-J. Chang},
  title = {Applying a real‐coded multi‐population genetic algorithm to multi‐reservoir operation},
  journal = {Hydrological Processes},
  volume = {21},
  pages = {688–698},
  date = {2007},
  language = {}
}

@inproceedings{a1,
author = {Song, Hui and Qin, A. and Tsai, Pei-Wei and Liang, J.},
year = {2019},
month = {06},
pages = {1937-1944},
title = {Multitasking Multi-Swarm Optimization},
doi = {10.1109/CEC.2019.8790009}
}

@article{a2,
author = {Blackwell, Tim and Kennedy, Jim},
year = {2018},
month = {11},
pages = {1-1},
title = {Impact of Communication Topology in Particle Swarm Optimization},
volume = {PP},
journal = {IEEE Transactions on Evolutionary Computation},
doi = {10.1109/TEVC.2018.2880894}
}

@article{5b,
author = {Zhang, Yu-Dong and Wang, Shuihua and ji, Genlin},
year = {2015},
month = {01},
pages = {1-38},
title = {A Comprehensive Survey on Particle Swarm Optimization Algorithm and Its Applications},
volume = {2015},
journal = {Mathematical Problems in Engineering},
doi = {10.1155/2015/931256}
}

@inproceedings{forager,
author = {Biswas, Subhodip and Kundu, Souvik and Bose, Digbalay and Das, Swagatam and Suganthan, Ponnuthurai and Panigrahi, Bijaya},
year = {2013},
month = {04},
pages = {248-255},
title = {Migrating forager population in a multi-population Artificial Bee Colony algorithm with modified perturbation schemes},
doi = {10.1109/SIS.2013.6615186}
}


@techreport{bbob,
  TITLE = {{Real-Parameter Black-Box Optimization Benchmarking 2010: Experimental Setup}},
  AUTHOR = {Hansen, Nikolaus and Auger, Anne and Finck, Steffen and Ros, Raymond},
  URL = {https://hal.inria.fr/inria-00462481},
  TYPE = {Research Report},
  NUMBER = {RR-7215},
  INSTITUTION = {{INRIA}},
  YEAR = {2010},
  MONTH = Mar,
  PDF = {https://hal.inria.fr/inria-00462481/file/RR-7215.pdf},
  HAL_ID = {inria-00462481},
  HAL_VERSION = {v1},
}

@article{da1,
author = {Habershon, Scott and Harris, Kenneth and Johnston, Roy},
year = {2003},
month = {11},
pages = {1766-74},
title = {Development of a Multipopulation Parallel Genetic Algorithm for Structure Solution from Powder Diffraction Data},
volume = {24},
journal = {Journal of computational chemistry},
doi = {10.1002/jcc.10326}
}